<record><leader>00000cas a2200000   4500</leader><controlfield tag="001">2243694</controlfield><controlfield tag="008">760106d19671974vauzx n       0   a0eng  </controlfield><datafield ind1=" " ind2=" " tag="010"><subfield code="a">   75647403 </subfield></datafield><datafield ind1=" " ind2=" " tag="040"><subfield code="a">DLC</subfield><subfield code="b">eng</subfield><subfield code="c">DLC</subfield><subfield code="d">OCL</subfield><subfield code="d">NST</subfield><subfield code="d">DLC</subfield><subfield code="d">NVK</subfield><subfield code="d">OCLCQ</subfield><subfield code="d">DLC</subfield><subfield code="d">UIU</subfield><subfield code="d">OCLCF</subfield><subfield code="d">NDD</subfield><subfield code="d">COO</subfield><subfield code="d">OCL</subfield><subfield code="d">OCLCO</subfield></datafield><datafield ind1=" " ind2=" " tag="012"><subfield code="a">2</subfield><subfield code="b">3</subfield><subfield code="c">-</subfield><subfield code="d">7</subfield><subfield code="e">-</subfield><subfield code="f">-</subfield><subfield code="g">p</subfield><subfield code="h">-</subfield><subfield code="i">8804</subfield></datafield><datafield ind1=" " ind2=" " tag="019"><subfield code="a">2269518</subfield></datafield><datafield ind1=" " ind2=" " tag="022"><subfield code="a">0043-4957</subfield><subfield code="l">0043-4957</subfield><subfield code="2">1</subfield></datafield><datafield ind1="1" ind2=" " tag="029"><subfield code="a">AU@</subfield><subfield code="b">000022412531</subfield></datafield><datafield ind1="1" ind2=" " tag="029"><subfield code="a">ZWZ</subfield><subfield code="b">038817268</subfield></datafield><datafield ind1=" " ind2=" " tag="037"><subfield code="b">National Socialist White People's Party, P.O. Box 5505, 22205</subfield></datafield><datafield ind1=" " ind2=" " tag="042"><subfield code="a">nsdp</subfield></datafield><datafield ind1=" " ind2=" " tag="043"><subfield code="a">n-us---</subfield></datafield><datafield ind1="1" ind2="0" tag="050"><subfield code="a">E743</subfield><subfield code="b">.W586</subfield></datafield><datafield ind1=" " ind2=" " tag="082"><subfield code="a">322.4/2/0973</subfield></datafield><datafield ind1="0" ind2=" " tag="130"><subfield code="a">White Power (Arlington, Va.)</subfield></datafield><datafield ind1=" " ind2="0" tag="222"><subfield code="a">White power</subfield></datafield><datafield ind1="1" ind2="0" tag="245"><subfield code="a">White Power.</subfield></datafield><datafield ind1=" " ind2="1" tag="264"><subfield code="a">[Arlington, Va.,]</subfield><subfield code="b">[George Lincoln Rockwell Party, etc.]</subfield></datafield><datafield ind1="3" ind2="1" tag="264"><subfield code="a">Arlington, Va. :</subfield><subfield code="b">NS publications</subfield></datafield><datafield ind1=" " ind2=" " tag="300"><subfield code="a">volumes :</subfield><subfield code="b">illustrations</subfield><subfield code="c">29-39 cm.</subfield></datafield><datafield ind1=" " ind2=" " tag="310"><subfield code="a">Frequency varies</subfield></datafield><datafield ind1=" " ind2=" " tag="336"><subfield code="a">text</subfield><subfield code="b">txt</subfield><subfield code="2">rdacontent</subfield></datafield><datafield ind1=" " ind2=" " tag="337"><subfield code="a">unmediated</subfield><subfield code="b">n</subfield><subfield code="2">rdamedia</subfield></datafield><datafield ind1=" " ind2=" " tag="338"><subfield code="a">volume</subfield><subfield code="b">nc</subfield><subfield code="2">rdacarrier</subfield></datafield><datafield ind1="1" ind2=" " tag="362"><subfield code="a">Began with: no. 1 (Sept. 1967); ceased in: 1974?</subfield></datafield><datafield ind1=" " ind2=" " tag="500"><subfield code="a">"The newspaper of white revolution."</subfield></datafield><datafield ind1=" " ind2=" " tag="500"><subfield code="a">"The revolutionary voice of national socialism."</subfield></datafield><datafield ind1=" " ind2=" " tag="500"><subfield code="a">Associate editor (1970): William Pierce.</subfield></datafield><datafield ind1=" " ind2=" " tag="515"><subfield code="a">No. 1-13 called also v. 7 in continuation of the numbering of the Rockwell Report.</subfield></datafield><datafield ind1=" " ind2=" " tag="550"><subfield code="a">No.-28 published by National Socialist White People's Party.</subfield></datafield><datafield ind1=" " ind2=" " tag="580"><subfield code="a">Supersedes: Rockwell, George Lincoln. The Rockwell report.</subfield></datafield><datafield ind1=" " ind2="0" tag="650"><subfield code="a">White supremacy movements</subfield><subfield code="z">Virginia</subfield><subfield code="v">Periodicals.</subfield></datafield><datafield ind1=" " ind2="0" tag="651"><subfield code="a">United States</subfield><subfield code="x">Politics and government</subfield><subfield code="y">1945-1989</subfield><subfield code="v">Periodicals.</subfield></datafield><datafield ind1=" " ind2="0" tag="651"><subfield code="a">United States</subfield><subfield code="x">Race relations</subfield><subfield code="v">Periodicals.</subfield></datafield><datafield ind1=" " ind2="7" tag="655"><subfield code="a">White supremacist literature</subfield><subfield code="z">Virginia</subfield><subfield code="z">Arlington</subfield><subfield code="y">20th century.</subfield><subfield code="2">rbgenr</subfield></datafield><datafield ind1=" " ind2="7" tag="655"><subfield code="a">Periodicals.</subfield><subfield code="2">fast</subfield><subfield code="0">(OCoLC)fst01411641</subfield></datafield><datafield ind1=" " ind2="7" tag="648"><subfield code="a">1945-1989</subfield><subfield code="2">fast</subfield></datafield><datafield ind1=" " ind2="7" tag="650"><subfield code="a">Politics and government.</subfield><subfield code="2">fast</subfield><subfield code="0">(OCoLC)fst01919741</subfield></datafield><datafield ind1=" " ind2="7" tag="650"><subfield code="a">Race relations.</subfield><subfield code="2">fast</subfield><subfield code="0">(OCoLC)fst01086509</subfield></datafield><datafield ind1=" " ind2="7" tag="650"><subfield code="a">White supremacy movements.</subfield><subfield code="2">fast</subfield><subfield code="0">(OCoLC)fst01174715</subfield></datafield><datafield ind1=" " ind2="7" tag="651"><subfield code="a">United States.</subfield><subfield code="2">fast</subfield><subfield code="0">(OCoLC)fst01204155</subfield></datafield><datafield ind1=" " ind2="7" tag="651"><subfield code="a">Virginia.</subfield><subfield code="2">fast</subfield><subfield code="0">(OCoLC)fst01204597</subfield></datafield><datafield ind1="1" ind2=" " tag="700"><subfield code="a">Koehl, Matt,</subfield><subfield code="d">1935-</subfield><subfield code="e">publisher.</subfield></datafield><datafield ind1="1" ind2=" " tag="700"><subfield code="a">Kerr, Martin,</subfield><subfield code="e">editor.</subfield></datafield><datafield ind1="1" ind2=" " tag="700"><subfield code="a">Pierce, William L.</subfield><subfield code="q">(William Luther),</subfield><subfield code="d">1933-2002,</subfield><subfield code="e">editor.</subfield></datafield><datafield ind1="2" ind2=" " tag="710"><subfield code="a">NS Publications,</subfield><subfield code="e">publisher.</subfield></datafield><datafield ind1="2" ind2=" " tag="710"><subfield code="a">National Socialist White People's Party.</subfield></datafield><datafield ind1="1" ind2="2" tag="780"><subfield code="a">Rockwell, George Lincoln, 1918-1967.</subfield><subfield code="t">Rockwell report</subfield><subfield code="x">0557-1944</subfield><subfield code="w">(OCoLC)5296703</subfield></datafield><datafield ind1=" " ind2=" " tag="850"><subfield code="a">KU-S</subfield></datafield></record>